<record><leader>00000cas a2200000 a 4500</leader><controlfield tag="001">41972484</controlfield><controlfield tag="008">990728d19uu19uucauwr ne      0    0eng c</controlfield><datafield ind1=" " ind2=" " tag="010"><subfield code="a">sn 99060792 </subfield></datafield><datafield ind1=" " ind2=" " tag="040"><subfield code="a">CNK</subfield><subfield code="b">eng</subfield><subfield code="c">CNK</subfield><subfield code="d">OCLCQ</subfield><subfield code="d">OCLCF</subfield><subfield code="d">OCLCO</subfield></datafield><datafield ind1=" " ind2=" " tag="042"><subfield code="a">pcc</subfield></datafield><datafield ind1=" " ind2=" " tag="043"><subfield code="a">n-us-ca</subfield></datafield><datafield ind1="0" ind2=" " tag="130"><subfield code="a">Argonaut (Hermosa Beach, Calif.)</subfield></datafield><datafield ind1="1" ind2="4" tag="245"><subfield code="a">The Argonaut.</subfield></datafield><datafield ind1=" " ind2=" " tag="250"><subfield code="a">Beach cities ed.</subfield></datafield><datafield ind1=" " ind2=" " tag="260"><subfield code="a">Hermosa Beach, Ca. :</subfield><subfield code="b">Beach Cities Newspapers, Inc.</subfield></datafield><datafield ind1=" " ind2=" " tag="300"><subfield code="a">v.</subfield></datafield><datafield ind1=" " ind2=" " tag="310"><subfield code="a">Weekly</subfield></datafield><datafield ind1=" " ind2=" " tag="500"><subfield code="a">"Beach Cities Edition" published &lt;Apr. 7-June 23, 1983&gt;; other ed. published as: "Beach Edition," &lt;July 7-Dec. 8, 1983&gt;</subfield></datafield><datafield ind1=" " ind2=" " tag="500"><subfield code="a">"The Hermosa Beach Review, the Manhattan Beach News, the Redondo Beach Record" appears in small print and in different locations in masthead, &lt;Apr. 7-Dec. 8, 1983&gt;</subfield></datafield><datafield ind1=" " ind2=" " tag="515"><subfield code="a">Issues for &lt;Apr. 7-Dec. 8, 1983&gt; lack v. and numbering designation. Issues carry three systems of numeric designation for: "Redondo Beach Record," &lt;v. 40, no. 14-v. 40, no. 49&gt;; "Hermosa Beach Review," &lt;v. 72, no. 14-v. 72, no. 49&gt; and "Manhattan Beach News," &lt;v. 74, no. 14-v. 74, no. 49&gt;</subfield></datafield><datafield ind1=" " ind2=" " tag="588"><subfield code="a">Description based on: Apr. 7, 1983.</subfield></datafield><datafield ind1=" " ind2="0" tag="651"><subfield code="a">Hermosa Beach (Calif.)</subfield><subfield code="v">Newspapers.</subfield></datafield><datafield ind1=" " ind2="0" tag="651"><subfield code="a">Manhattan Beach (Calif.)</subfield><subfield code="v">Newspapers.</subfield></datafield><datafield ind1=" " ind2="0" tag="651"><subfield code="a">Redondo Beach (Calif.)</subfield><subfield code="v">Newspapers.</subfield></datafield><datafield ind1=" " ind2="7" tag="655"><subfield code="a">Newspapers.</subfield><subfield code="2">fast</subfield><subfield code="0">(OCoLC)fst01423814</subfield></datafield><datafield ind1=" " ind2="7" tag="651"><subfield code="a">California</subfield><subfield code="z">Hermosa Beach.</subfield><subfield code="2">fast</subfield><subfield code="0">(OCoLC)fst01250343</subfield></datafield><datafield ind1=" " ind2="7" tag="651"><subfield code="a">California</subfield><subfield code="z">Manhattan Beach.</subfield><subfield code="2">fast</subfield><subfield code="0">(OCoLC)fst01214289</subfield></datafield><datafield ind1=" " ind2="7" tag="651"><subfield code="a">California</subfield><subfield code="z">Redondo Beach.</subfield><subfield code="2">fast</subfield><subfield code="0">(OCoLC)fst01220411</subfield></datafield><datafield ind1=" " ind2=" " tag="752"><subfield code="a">United States</subfield><subfield code="b">California</subfield><subfield code="c">Los Angeles</subfield><subfield code="d">Hermosa Beach.</subfield></datafield></record>